@report{script,
    author = {Institut für Physik},
    title = {Skript zum Grundpraktikum Physik, Teil \rom{2}},
    institution = {Carl von Ossietzky Universität Oldenburg},
    year = {2023},
}
