@book{AAA-Regel,
series = {Springer eBooks Life Science and Basic Disciplines},
issn = {9783662605837},
abstract = {Strahlungsarten und Strahlungsfelder -- Atombau -- Die radioaktiven Umwandlungen -- Das Zerfallsgesetz, natürliche und künstliche Radioaktivität -- Wechselwirkung ionisierender Photonenstrahlung -- Schwächung von Strahlenbündeln ungeladener Teilchen -- Wechselwirkung von Neutronenstrahlung -- Wechselwirkung geladener Teilchen -- Ionisierung und Energieübertragung -- Dosisgrößen -- Strahlenschutzphantome -- Dosisleistungskonstanten, Hautdosis- und Inkorporationsfaktoren -- Grundlagen zur Strahlenbiologie der Zelle -- Wirkung und Risiken ionisierender Strahlung -- Strahlenexposition des Menschen mit ionisierender Strahlung -- Strahlenschutzrecht. - Praktischer Strahlenschutz -- Strahlenexposition in der medizinischen Radiologie -- Anhang -- Aufgabenlösungen -- Literatur},
isbn = {978-3-662-60584-4},
year = {2019},
title = {Grundlagen der Strahlungsphysik und des Strahlenschutzes},
edition = {6. Auflage.},
language = {ger},
author = {Krieger, Hanno},
keywords = {Medical and Radiation Physics; Medical physics; Radiation; Nuclear physics; Radiologie; Strahlenbiologie; Strahlenschutz},
doi = {10.1007/978-3-662-60584-4},
}
