@misc{tables,
	author = {Kr√ºger, Michael},
	title = {Vorbereitete Messwerte},
	date = {2023-04-08},
	url = {https://cs.suchard.cloud/s/GPR_Protokoll1_Messwerte},
}
